
@incollection{@2761-RODRIGUEZRIVA2019,
keywords          = {,PIEDRAS1,CHARLAUBA2},
author            = {Rodríguez Riva, Lucía and Pablo Piedras},
editor            = {Laura Miranda and Rodríguez Riva, Lucía},
editorType        = {cordinator},
title             = {De tangos y tonadas: Carlos Gardel se encuentra con Imperio Argentina en Joinville},
bookTitle         = {Música, estrellas y escenarios compartidos, 1930-1960},
mainTitle         = {Diálogos cinematográficos entre España y Argentina},
volume            = {1},
date              = {2019},
publisher         = {Hispanoscope Shangrila Libros},
hyphenation       = {spanish},
}
@incollection{@2762-MONSIVAIS1994,
keywords          = {,PIEDRAS1,CHARLAUBA,CHARLAUBA2},
author            = {Monsiváis, Carlos},
editor            = {Hermann Herlinghaus and Monika Walter},
title             = {La cultura popular en el ámbito urbano},
bookTitle         = {Posmodernidad en la periferia: enfoques latinoamericanos de la nueva teoría cultural},
date              = {1994},
location          = {Berlín},
publisher         = {Langer Vertag},
page              = {134-157},
hyphenation       = {spanish},
}

@Comment{gbTeXpublisher: databaseType:biblatex; fecha de creación: 23/04/2024;}