
@book{@735-KARL2002,
keywords          = {,LIBRO,CHARLAUBA,RUBIO},
author            = {Karl Marx},
editor            = {Jean Kesler},
foreword          = {Jean Kesler},
title             = {Misère de la philosophie. Réponse à la philosophie de la misère de M. Proudhon},
date              = {2002},
location          = {París},
publisher         = {Payot \& Rivages},
hyphenation       = {french},
}
@book{@736-KARL2004,
keywords          = {,LIBRO,CHARLAUBA,RUBIO,CHARLAROME},
author            = {Karl Marx},
editor            = {Jean Kesler},
translator        = {Tomás Onaindia},
foreword          = {Jean Kesler},
title             = {Miseria de la filosofía},
date              = {2004},
location          = {Madrid},
publisher         = {EDAF},
hyphenation       = {spanish},
related           = {@735-KARL2002},
relatedType       = {translationof},
}
@incollection{@940-SHUMWAY1999,
keywords          = {,INGENIEROS,01-sample,CHARLAUBA,CHARLAROME},
author            = {Shumway, Nicolás},
title             = {Nosotros y el \enquote{nosotros} de Nosotros},
bookTitle         = {La cultura de un siglo. América latina en sus revistas},
date              = {1999},
location          = {Buenos Aires},
publisher         = {Alianza},
page              = {165-180},
hyphenation       = {spanish},
}
@article{@1051-MENENDEZ1994,
keywords          = {,CHARLAUBA,GILLIGAN},
author            = {Menéndez, Eduardo},
title             = {La enfermedad y la curación ¿Qué es medicina tradicional?},
journalTitle      = {Alteridades},
volume            = {4},
year              = {1994},
page              = {71-83},
hyphenation       = {spanish},
number            = {7},
}
@book{@1052-MENENDEZ1990,
keywords          = {,CHARLAUBA,GILLIGAN},
author            = {Menéndez, Eduardo},
title             = {El modelo médico hegemónico. Estructura, función y crisis. En Morir de alcohol. Saber y hegemonía médica},
date              = {1990},
location          = {Ciudad de México},
publisher         = {Alianza Editorial Mexicana},
hyphenation       = {spanish},
}
@book{@1053-MARTIN2006,
keywords          = {,CHARLAUBA,GILLIGAN},
author            = {Martin, Emily},
translator        = {Julio Bandeira},
title             = {Na mulher no corpo: uma análise cultural da reproducao},
date              = {2006},
location          = {Río de Janeiro},
publisher         = {Garamond},
hyphenation       = {portuguese},
}
@thesis{@1054-MARTIN2014,
keywords          = {,CHARLAUBA,GILLIGAN},
author            = {Martín, Ana Laura},
title             = {Parir, cuidar y asistir: El trabajo de las parteras y enfermeras en Buenos Aires (1877-1955)},
date              = {2014},
location          = {Buenos Aires},
institution       = {Universidad de Buenos Aires},
hyphenation       = {spanish},
type              = {phdthesis},
}
@book{@1055-MARTIN-SINFECHA,
keywords          = {,CHARLAUBA,GILLIGAN},
author            = {Martín, Ana Laura},
title             = {Partear en Buenos Aires. Formación, prácticas y saberes de las parteras porteñas en el último tercio del siglo XIX},
pubState          = {inpress},
location          = {Buenos Aires},
hyphenation       = {spanish},
}
@article{@2165-ROSAL1995,
keywords          = {,CHARLAUBA},
author            = {Rosal,  Miguel Ángel},
title             = {El interior frente a Buenos Aires. Flujos comerciales e integración económica, 1831-1850},
date              = {1995},
hyphenation       = {spanish},
number            = {9},
creationdate      = {2022-04-20T11:30:30},
}
@book{@2526-ROUGIER2020,
keywords          = {,CHARLAUBA},
editor            = {Rougier, Marcelo and Mason, Camilo},
title             = {A las palabras se las lleva el viento, lo escrito queda. Revistas y economía durante el peronismo 1945-1955},
date              = {2020},
location          = {Buenos Aires},
publisher         = {EUDEBA},
hyphenation       = {spanish},
creationdate      = {2023-07-09T10:44:41},
}
@incollection{@2762-MONSIVAIS1994,
keywords          = {,PIEDRAS1,CHARLAUBA},
author            = {Monsiváis, Carlos},
editor            = {Hermann Herlinghaus and Monika Walter},
title             = {La cultura popular en el ámbito urbano},
bookTitle         = {Posmodernidad en la periferia: enfoques latinoamericanos de la nueva teoría cultural},
date              = {1994},
location          = {Berlín},
publisher         = {Langer Vertag},
page              = {134-157},
hyphenation       = {spanish},
}

@Comment{gbTeXpublisher: databaseType:biblatex; fecha de creación: 20/04/2024;}